<?xml version="1.0" encoding="UTF-8"?><record xmlns="http://www.loc.gov/MARC21/slim" xmlns:cinclude="http://apache.org/cocoon/include/1.0" xmlns:zs="http://www.loc.gov/zing/srw/">
  <leader>00424nz  a2200133n  4500</leader>
  <controlfield tag="001">no 99061081 </controlfield>
  <controlfield tag="003">DLC</controlfield>
  <controlfield tag="005">19990825130704.0</controlfield>
  <controlfield tag="008">990824n| acannaabn          |n ana     c</controlfield>
  <datafield tag="010" ind1=" " ind2=" ">
    <subfield code="a">no 99061081 </subfield>
  </datafield>
  <datafield tag="035" ind1=" " ind2=" ">
    <subfield code="a">(OCoLC)oca05051027</subfield>
  </datafield>
  <datafield tag="040" ind1=" " ind2=" ">
    <subfield code="a">WaU</subfield>
    <subfield code="b">eng</subfield>
    <subfield code="c">WaU</subfield>
  </datafield>
  <datafield tag="110" ind1="2" ind2=" ">
    <subfield code="a">American Society of Neurorehabilitation</subfield>
  </datafield>
  <datafield tag="670" ind1=" " ind2=" ">
    <subfield code="a">Journal of neurologic rehabilitation, Vol. 12, no. 4 (1998):</subfield>
    <subfield code="b">t.p. (American Society of Neurorehabilitation)</subfield>
  </datafield>
</record>